% Guha pdh thesis
@article{guha2015estimation,
  title={Estimation of hydrodynamic forces and motion of ships with steady forward speed},
  author={Guha, Amitava and Falzarano, Jeffrey},
  journal={International Shipbuilding Progress},
  volume={62},
  number={3-4},
  pages={113--138},
  year={2015},
  publisher={IOS Press}
}

% guha masters thesis
@phdthesis{guha2012development,
  title={Development of a computer program for three dimensional frequency domain analysis of zero speed first order wave body interaction},
  author={Guha, Amitava},
  year={2012}
}

@article{newman1979theory,
  title={The theory of ship motions},
  author={Newman, John Nicholas},
  journal={Advances in applied mechanics},
  volume={18},
  pages={221--283},
  year={1979},
  publisher={Elsevier}
}

@techreport{ogilvie1969rational,
  title={A rational strip theory of ship motions: part I},
  author={Ogilvie, T Francis and Tuck, Ernest O},
  year={1969},
  institution={University of Michigan}
}

@article{beck1990documentation,
  title={Documentation and userâ€™s manual for the computer program Shipmo},
  author={Beck, Robert F and Troesch, Armin W},
  journal={Department of Naval Architecture and Marine Engineering, The University of Michigan},
  year={1990}
}

@article{journee2001theoretical,
  title={Theoretical manual of SEAWAY},
  author={Journ{\'e}e, JMJ},
  journal={Delft University of Technology Shiphydromechanics Laboratory,(Release 4.19, 12-02-2001), http://www. shipmotions. nl/DUT/PapersReports/1370-StripTheory-03. pdf},
  year={2001}
}

@article{salvesen1970ship,
  title={Ship motions and sea loads},
  author={Salvesen, Nils and Tuck, EO and Faltinsen, Odd},
  year={1970}
}

@inproceedings{guha2013development,
  title={Development of a computer program for three dimensional analysis of zero speed first order wave body interaction in frequency domain},
  author={Guha, Amitava and Falzarano, Jeffrey},
  booktitle={International Conference on Offshore Mechanics and Arctic Engineering},
  volume={55393},
  pages={V005T06A094},
  year={2013},
  organization={American Society of Mechanical Engineers}
}

@article{telste1986numerical,
  title={Numerical evaluation of the Green function of water-wave radiation and diffraction},
  author={Telste, JG and Noblesse, F},
  journal={Journal of Ship Research},
  volume={30},
  number={02},
  pages={69--84},
  year={1986},
  publisher={OnePetro}
}